@article{Abbe,
  author  = {Emmanuel Abbe},
  title   = {Community Detection and Stochastic Block Models: Recent Developments},
  journal = {Journal of Machine Learning Research},
  year    = {2018},
  volume  = {18},
  number  = {177},
  pages   = {1-86},
}

@article{Xifara-mala,
	title={Langevin diffusions and the Metropolis-adjusted Langevin algorithm},
	volume={91},
	ISSN={0167-7152},
	journal={Statistics and Probability Letters},
	publisher={Elsevier BV},
	author={Xifara, T. and Sherlock, C. and Livingstone, S. and Byrne, S. and Girolami, M.},
	year={2014},
	month={Aug},
	pages={14-19}
}

@article{SBM-hierarchical,
	title = {Hierarchical Block Structures and High-Resolution Model Selection in Large Networks},
	author = {Peixoto, Tiago P.},
	journal = {Phys. Rev. X},
	volume = {4},
	issue = {1},
	pages = {011047},
	numpages = {18},
	year = {2014},
	month = {Mar},
	publisher = {American Physical Society},
}


@misc{twitch,
	title={Multi-scale Attributed Node Embedding},
	author={Benedek Rozemberczki and Carl Allen and Rik Sarkar},
	year={2019},
	eprint={1909.13021},
	archivePrefix={arXiv},
	primaryClass={cs.LG}
}

@article{pseudo-marginal,
	author = {Christophe Andrieu and Gareth O. Roberts},
	title = {The pseudo-marginal approach for efficient {Monte Carlo} computations},
	volume = {37},
	journal = {The Annals of Statistics},
	number = {2},
	publisher = {Institute of Mathematical Statistics},
	pages = {697-725},
	keywords = {auxiliary variable, convergence, marginal, {Markov} chain 
		{Monte Carlo}},
	year = {2009},
}


@article{hastings-alg,
	ISSN = {00063444},
	author = {W. K. Hastings},
	journal = {Biometrika},
	number = {1},
	pages = {97-109},
	publisher = {[Oxford University Press, Biometrika Trust]},
	title = {{Monte Carlo} Sampling Methods Using {Markov} Chains and Their Applications},
	volume = {57},
	year = {1970}
}

@inproceedings{SBM-Unknown,
	author = {Abbe, Emmanuel and Sandon, Colin},
	booktitle = {Advances in Neural Information Processing Systems},
	editor = {C. Cortes and N. Lawrence and D. Lee and M. Sugiyama and R. Garnett},
	pages = {676-684},
	title = {Recovering Communities in the General Stochastic Block Model Without Knowing the Parameters},
	volume = {28},
	year = {2015}
}

@inproceedings{Linear-ABP,
	author = {Abbe, Emmanuel and Sandon, Colin},
	booktitle = {Advances in Neural Information Processing Systems},
	editor = {D. Lee and M. Sugiyama and U. Luxburg and I. Guyon and R. Garnett},
	pages = {1334-1342},
	title = {Achieving the KS threshold in the general stochastic block model with linearized acyclic belief propagation},
	volume = {29},
	year = {2016}
}

@article{SBM-Achieve,
	author = {Abbe, Emmanuel and Sandon, Colin},
	title = {Proof of the Achievability Conjectures for the General Stochastic Block Model},
	journal = {Communications on Pure and Applied Mathematics},
	volume = {71},
	number = {7},
	pages = {1334-1406},
	year = {2018}
}

@misc{snapnets,
	author       = {Jure Leskovec and Andrej Krevl},
	title        = {{SNAP Datasets}: {Stanford} Large Network Dataset Collection},
	url 		 = {http://snap.stanford.edu/data},
	month        = jun,
	year         = 2014
}

@inproceedings{fb-snap,
	author = {Leskovec, Jure and Mcauley, Julian},
	booktitle = {Advances in Neural Information Processing Systems},
	editor = {F. Pereira and C. J. C. Burges and L. Bottou and K. Q. Weinberger},
	pages = {},
	title = {Learning to Discover Social Circles in Ego Networks},
	volume = {25},
	year = {2012}
}

@article{leskovec2016snap,
	title={SNAP: A General-Purpose Network Analysis and Graph-Mining Library},
	author={Leskovec, Jure and Sosi{\v{c}}, Rok},
	journal={ACM Transactions on Intelligent Systems and Technology (TIST)},
	volume={8},
	number={1},
	pages={1},
	year={2016},
	publisher={ACM}
}

@InProceedings{networkx,
	author =       {Aric A. Hagberg and Daniel A. Schult and Pieter J. Swart},
	title =        {Exploring Network Structure, Dynamics, and Function using NetworkX},
	booktitle =   {Proceedings of the 7th Python in Science Conference},
	pages =     {11-15},
	address = {Pasadena, CA USA},
	year =      {2008},
	editor =    {Ga\"el Varoquaux and Travis Vaught and Jarrod Millman},
}

@article{force-directed,
	title={Force-directed Layout Community Detection},
	author={Yi Song and Stephane Bressan},
	journal={School of Computing},
	year={2013},
	publisher={The National University of Singapore}
}

@InProceedings{polblogs,
	author = {Lada A. Adamic and Natalie Glance},
	title = {The political blogospher and the 2004 US Election},
	booktitle = {Proceedings of the WWW-2005 Workshop on the Weblogging Ecosystem},
	year={2005}
}

@INPROCEEDINGS{aminer,
	AUTHOR = {Jie Tang and Jing Zhang and Limin Yao and Juanzi Li and Li Zhang and Zhong Su},
	TITLE = {ArnetMiner: Extraction and Mining of Academic Social Networks},
	pages = {990-998},
	YEAR = {2008},
	BOOKTITLE = {KDD'08}
}

@article{gender-scholarship,
	author = {Jevin West et al.},
	title = {The role of gender in scholarly authorship},
	journal = {PLoS One},
	year = {2013}
}

@article{Peixoto-MCMC,
	title={Efficient {Monte Carlo} and greedy heuristic for the inference of stochastic block models},
	volume={89},
	ISSN={1550-2376},
	number={1},
	journal={Physical Review E},
	publisher={American Physical Society (APS)},
	author={Peixoto, Tiago P.},
	year={2014},
}

@article{Peixoto-Bayesian-Microcanonical,
	title={Nonparametric {Bayesian} inference of the microcanonical stochastic block model},
	volume={95},
	ISSN={2470-0053},
	number={1},
	journal={Physical Review E},
	publisher={American Physical Society (APS)},
	author={Peixoto, Tiago P.},
	year={2017},
}

@article{PeixotoProposal,
	title = {Parsimonious Module Inference in Large Networks},
	author = {Peixoto, Tiago P.},
	journal = {Phys. Rev. Lett.},
	volume = {110},
	issue = {14},
	pages = {148701},
	numpages = {5},
	year = {2013},
	month = {Apr},
	publisher = {American Physical Society},
}


@article{Peixoto-Weighted-SBM,
	title={Nonparametric weighted stochastic block models},
	volume={97},
	ISSN={2470-0053},
	number={1},
	journal={Physical Review E},
	publisher={American Physical Society (APS)},
	author={Peixoto, Tiago P.},
	year={2018},
}

@article{peixoto_graph-tool_2014,
         title = {The {\tt graph-tool} {Python} library},
         url = {figshare.com/articles/graph_tool/1164194},
         urldate = {2014-09-10},
         journal = {figshare},
         author = {Peixoto, T.P.},
         year = {2014},
}

@article{mala-tweedie,
	author = {Gareth O. Roberts and Richard L. Tweedie},
	title = {{Exponential convergence of Langevin distributions and their discrete approximations}},
	volume = {2},
	journal = {Bernoulli},
	number = {4},
	publisher = {Bernoulli Society for Mathematical Statistics and Probability},
	pages = {341-363},
	keywords = {Diffusions, discrete approximations, geometric ergodicity, Hastings algorithms, irreducible Markov processes, Langevin models, Markov chain Monte Carlo, Metropolis algorithms, posterior distributions},
	year = {1996},
}

@article{FB-Maier,
	title = {Cover time for random walks on arbitrary complex networks},
	author = {Maier, Benjamin F. and Brockmann, Dirk},
	journal = {Phys. Rev. E},
	volume = {96},
	issue = {4},
	pages = {042307},
	numpages = {9},
	year = {2017},
	month = {Oct},
	publisher = {American Physical Society},
}

@article{Evans_2010_football,
	title={Clique graphs and overlapping communities},
	volume={2010},
	ISSN={1742-5468},
	number={12},
	journal={Journal of Statistical Mechanics: Theory and Experiment},
	publisher={IOP Publishing},
	author={Evans, T S},
	year={2010},
	month={Dec},
	pages={P12037}
}

@article{LawFirm,
	author = {Kraatz, Matthew and Shah, Nina and Lazega, Emmanuel},
	year = {2003},
	month = {09},
	pages = {525},
	title = {The Collegial Phenomenon: The Social Mechanisms of Cooperation among Peers in a Corporate Law Partnership},
	volume = {48},
	journal = {Administrative Science Quarterly},
}



@article{Nemeth-SGMCMC,
	author = {Christopher Nemeth and Paul Fearnhead},
	title = {Stochastic Gradient {Markov} Chain {Monte Carlo}},
	journal = {Journal of the American Statistical Association},
	volume = {116},
	number = {533},
	pages = {433-450},
	year  = {2021},
	publisher = {Taylor & Francis},
}

@article{polbooks,
	ISSN = {00067431},
	author = {Boris Pasternak and Ivor Ivask},
	journal = {Books Abroad},
	number = {2},
	pages = {196-200},
	publisher = {University of Oklahoma},
	title = {Four Unpublished Letters},
	volume = {44},
	year = {1970}
}

@InProceedings{sbm-gnn,
	title = {Stochastic Blockmodels meet Graph Neural Networks},
	author = {Mehta, Nikhil and Duke, Lawrence Carin and Rai, Piyush},
	booktitle = {Proceedings of the 36th International Conference on Machine Learning},
	pages = {4466-4474},
	year = {2019},
	editor = {Kamalika Chaudhuri and Ruslan Salakhutdinov},
	volume = {97},
	series = {Proceedings of Machine Learning Research},
	month = {09--15 Jun},
	publisher = {PMLR},
}

@misc{overlapping-sbm,
	title={Max-Margin Nonparametric Latent Feature Models for Link Prediction}, 
	author={Jun Zhu and Jiaming Song and Bei Chen},
	year={2016},
	howpublished={arXiv preprint {\tt cs.LG:1602.07428}},
}

@inproceedings{mixed-membership-sbm,
	author = {Airoldi, Edo M and Blei, David and Fienberg, Stephen and Xing, Eric},
	booktitle = {Advances in Neural Information Processing Systems},
	editor = {D. Koller and D. Schuurmans and Y. Bengio and L. Bottou},
	pages = {},
	title = {Mixed Membership Stochastic Blockmodels},
	volume = {21},
	year = {2009}
}

@INPROCEEDINGS{cluster-compression,
	author={Abbe, Emmanuel},
	booktitle={54th Annual Allerton Conference on Communication, Control, and Computing}, 
	title={Graph compression: The effect of clusters}, 
	year={2016},
	volume={},
	number={},
	pages={1-8},
}

@article{link-prediction,
	title={Outliers Detection in Networks with Missing Links}, 
	author={Solenne Gaucher and Olga Klopp and Geneviève Robin},
	journal={Computational Statistics \& Data Analysis},
  volume={164},
  pages={107308},
  year={2021},
}

@article{vanilla-sbm,
	author = {Krzysztof Nowicki and Tom A. B Snijders},
	title = {Estimation and Prediction for Stochastic Blockstructures},
	journal = {Journal of the American Statistical Association},
	volume = {96},
	number = {455},
	pages = {1077-1087},
	year  = {2001},
	publisher = {Taylor & Francis},
}

@article{schools,
	author = {Stehlé, Juliette AND Voirin, Nicolas AND Barrat, Alain AND Cattuto, Ciro AND Isella, Lorenzo AND Pinton, Jean-François AND Quaggiotto, Marco AND Van den Broeck, Wouter AND Régis, Corinne AND Lina, Bruno AND Vanhems, Philippe},
	journal = {PLoS ONE},
	publisher = {Public Library of Science},
	title = {High-Resolution Measurements of Face-to-Face Contact Patterns in a Primary School},
	year = {2011},
	volume = {6},
	pages = {1-13},
	number = {8}
}

@inproceedings{Bayesian-SGLD,
	author = {Welling, Max and Teh, Yee Whye},
	title = {Bayesian Learning via Stochastic Gradient Langevin Dynamics},
	year = {2011},
	isbn = {9781450306195},
	publisher = {Omnipress},
	address = {Madison, WI, USA},
	booktitle = {Proceedings of the 28th International Conference on International Conference on Machine Learning},
	pages = {681-688},
	numpages = {8},
	location = {Bellevue, Washington, USA},
	series = {ICML'11}
}

@article{peixoto-determine-B,
	title={Parsimonious Module Inference in Large Networks},
	volume={110},
	ISSN={1079-7114},
	number={14},
	journal={Physical Review Letters},
	publisher={American Physical Society (APS)},
	author={Peixoto, Tiago P.},
	year={2013},
	month={Apr}
}

@misc{laplace,
	title={Laplace approximation for logistic Gaussian process density estimation and regression}, 
	author={Jaakko Riihimäki and Aki Vehtari},
	year={2013},
	eprint={1211.0174},
	archivePrefix={arXiv},
	primaryClass={stat.CO}
}
