@article{Abbe,
  author  = {Emmanuel Abbe},
  title   = {Community Detection and Stochastic Block Models: Recent Developments},
  journal = {Journal of Machine Learning Research},
  year    = {2018},
  volume  = {18},
  number  = {177},
  pages   = {1-86},
  url     = {http://jmlr.org/papers/v18/16-480.html}
}

@article{Xifara-mala,
	title={Langevin diffusions and the Metropolis-adjusted Langevin algorithm},
	volume={91},
	ISSN={0167-7152},
	url={http://dx.doi.org/10.1016/j.spl.2014.04.002},
	DOI={10.1016/j.spl.2014.04.002},
	journal={Statistics & Probability Letters},
	publisher={Elsevier BV},
	author={Xifara, T. and Sherlock, C. and Livingstone, S. and Byrne, S. and Girolami, M.},
	year={2014},
	month={Aug},
	pages={14â€“19}
}

@article{SBM-hierarchical,
	title = {Hierarchical Block Structures and High-Resolution Model Selection in Large Networks},
	author = {Peixoto, Tiago P.},
	journal = {Phys. Rev. X},
	volume = {4},
	issue = {1},
	pages = {011047},
	numpages = {18},
	year = {2014},
	month = {Mar},
	publisher = {American Physical Society},
	doi = {10.1103/PhysRevX.4.011047},
	url = {https://link.aps.org/doi/10.1103/PhysRevX.4.011047}
}


@misc{twitch,
	title={Multi-scale Attributed Node Embedding},
	author={Benedek Rozemberczki and Carl Allen and Rik Sarkar},
	year={2019},
	eprint={1909.13021},
	archivePrefix={arXiv},
	primaryClass={cs.LG}
}

@article{pseudo-marginal,
	author = {Christophe Andrieu and Gareth O. Roberts},
	title = {{The pseudo-marginal approach for efficient Monte Carlo computations}},
	volume = {37},
	journal = {The Annals of Statistics},
	number = {2},
	publisher = {Institute of Mathematical Statistics},
	pages = {697 -- 725},
	keywords = {auxiliary variable, convergence, marginal, Markov chain Monte Carlo},
	year = {2009},
	doi = {10.1214/07-AOS574},
	URL = {https://doi.org/10.1214/07-AOS574}
}


@article{hastings-alg,
	ISSN = {00063444},
	URL = {http://www.jstor.org/stable/2334940},
	abstract = {A generalization of the sampling method introduced by Metropolis et al. (1953) is presented along with an exposition of the relevant theory, techniques of application and methods and difficulties of assessing the error in Monte Carlo estimates. Examples of the methods, including the generation of random orthogonal matrices and potential applications of the methods to numerical problems arising in statistics, are discussed.},
	author = {W. K. Hastings},
	journal = {Biometrika},
	number = {1},
	pages = {97-109},
	publisher = {[Oxford University Press, Biometrika Trust]},
	title = {Monte Carlo Sampling Methods Using Markov Chains and Their Applications},
	volume = {57},
	year = {1970}
}

@inproceedings{SBM-Unknown,
	author = {Abbe, Emmanuel and Sandon, Colin},
	booktitle = {Advances in Neural Information Processing Systems},
	editor = {C. Cortes and N. Lawrence and D. Lee and M. Sugiyama and R. Garnett},
	pages = {676--684},
	publisher = {Curran Associates, Inc.},
	title = {Recovering Communities in the General Stochastic Block Model Without Knowing the Parameters},
	url = {https://proceedings.neurips.cc/paper/2015/file/cfee398643cbc3dc5eefc89334cacdc1-Paper.pdf},
	volume = {28},
	year = {2015}
}

@inproceedings{Linear-ABP,
	author = {Abbe, Emmanuel and Sandon, Colin},
	booktitle = {Advances in Neural Information Processing Systems},
	editor = {D. Lee and M. Sugiyama and U. Luxburg and I. Guyon and R. Garnett},
	pages = {1334--1342},
	publisher = {Curran Associates, Inc.},
	title = {Achieving the KS threshold in the general stochastic block model with linearized acyclic belief propagation},
	url = {https://proceedings.neurips.cc/paper/2016/file/6c29793a140a811d0c45ce03c1c93a28-Paper.pdf},
	volume = {29},
	year = {2016}
}

@article{SBM-Achieve,
	author = {Abbe, Emmanuel and Sandon, Colin},
	title = {Proof of the Achievability Conjectures for the General Stochastic Block Model},
	journal = {Communications on Pure and Applied Mathematics},
	volume = {71},
	number = {7},
	pages = {1334-1406},
	doi = {https://doi.org/10.1002/cpa.21719},
	url = {https://onlinelibrary.wiley.com/doi/abs/10.1002/cpa.21719},
	eprint = {https://onlinelibrary.wiley.com/doi/pdf/10.1002/cpa.21719},
	year = {2018}
}

@misc{snapnets,
	author       = {Jure Leskovec and Andrej Krevl},
	title        = {{SNAP Datasets}: {Stanford} Large Network Dataset Collection},
	url 		 = {http://snap.stanford.edu/data},
	month        = jun,
	year         = 2014
}

@inproceedings{fb-snap,
	author = {Leskovec, Jure and Mcauley, Julian},
	booktitle = {Advances in Neural Information Processing Systems},
	editor = {F. Pereira and C. J. C. Burges and L. Bottou and K. Q. Weinberger},
	pages = {},
	publisher = {Curran Associates, Inc.},
	title = {Learning to Discover Social Circles in Ego Networks},
	url = {https://proceedings.neurips.cc/paper/2012/file/7a614fd06c325499f1680b9896beedeb-Paper.pdf},
	volume = {25},
	year = {2012}
}

@article{leskovec2016snap,
	title={SNAP: A General-Purpose Network Analysis and Graph-Mining Library},
	author={Leskovec, Jure and Sosi{\v{c}}, Rok},
	journal={ACM Transactions on Intelligent Systems and Technology (TIST)},
	volume={8},
	number={1},
	pages={1},
	year={2016},
	publisher={ACM}
}

@InProceedings{networkx,
	author =       {Aric A. Hagberg and Daniel A. Schult and Pieter J. Swart},
	title =        {Exploring Network Structure, Dynamics, and Function using NetworkX},
	booktitle =   {Proceedings of the 7th Python in Science Conference},
	pages =     {11 - 15},
	address = {Pasadena, CA USA},
	year =      {2008},
	editor =    {Ga\"el Varoquaux and Travis Vaught and Jarrod Millman},
}

 @misc{yale-linear-regression, 
 	url={http://www.stat.yale.edu/Courses/1997-98/101/linreg.htm},
 	title={Linear Regression},
 	author={Yale}
 }

@article{force-directed,
	title={Force-directed Layout Community Detection},
	author={Yi Song and Stephane Bressan},
	journal={School of Computing},
	year={2013},
	publisher={The National University of Singapore}
}

@InProceedings{polblogs,
	author = {Lada A. Adamic and Natalie Glance},
	title = {The political blogospher and the 2004 US Election},
	booktitle = {Proceedings of the WWW-2005 Workshop on the Weblogging Ecosystem},
	year={2005}
}

@INPROCEEDINGS{aminer,
	AUTHOR = {Jie Tang and Jing Zhang and Limin Yao and Juanzi Li and Li Zhang and Zhong Su},
	TITLE = {ArnetMiner: Extraction and Mining of Academic Social Networks},
	pages = {990-998},
	YEAR = {2008},
	BOOKTITLE = {KDD'08}
}

@article{gender-scholarship,
	author = {Jevin West et al.},
	title = {The role of gender in scholarly authorship},
	journal = {PLoS One},
	year = {2013}
}

@article{Peixoto-MCMC,
	title={Efficient Monte Carlo and greedy heuristic for the inference of stochastic block models},
	volume={89},
	ISSN={1550-2376},
	url={http://dx.doi.org/10.1103/PhysRevE.89.012804},
	DOI={10.1103/physreve.89.012804},
	number={1},
	journal={Physical Review E},
	publisher={American Physical Society (APS)},
	author={Peixoto, Tiago P.},
	year={2014},
	month={Jan}
}

@article{Peixoto-Bayesian-Microcanonical,
	title={Nonparametric Bayesian inference of the microcanonical stochastic block model},
	volume={95},
	ISSN={2470-0053},
	url={http://dx.doi.org/10.1103/PhysRevE.95.012317},
	DOI={10.1103/physreve.95.012317},
	number={1},
	journal={Physical Review E},
	publisher={American Physical Society (APS)},
	author={Peixoto, Tiago P.},
	year={2017},
	month={Jan}
}

@article{PeixotoProposal,
	title = {Parsimonious Module Inference in Large Networks},
	author = {Peixoto, Tiago P.},
	journal = {Phys. Rev. Lett.},
	volume = {110},
	issue = {14},
	pages = {148701},
	numpages = {5},
	year = {2013},
	month = {Apr},
	publisher = {American Physical Society},
	doi = {10.1103/PhysRevLett.110.148701},
	url = {https://link.aps.org/doi/10.1103/PhysRevLett.110.148701}
}


@article{Peixoto-Weighted-SBM,
	title={Nonparametric weighted stochastic block models},
	volume={97},
	ISSN={2470-0053},
	url={http://dx.doi.org/10.1103/PhysRevE.97.012306},
	DOI={10.1103/physreve.97.012306},
	number={1},
	journal={Physical Review E},
	publisher={American Physical Society (APS)},
	author={Peixoto, Tiago P.},
	year={2018},
	month={Jan}
}

@article{peixoto_graph-tool_2014,
	title = {The graph-tool python library},
	url = {http://figshare.com/articles/graph_tool/1164194},
	doi = {10.6084/m9.figshare.1164194},
	urldate = {2014-09-10},
	journal = {figshare},
	author = {Peixoto, Tiago P.},
	year = {2014},
	keywords = {all, complex networks, graph, network, other}
}

@article{mala-tweedie,
	author = {Gareth O. Roberts and Richard L. Tweedie},
	title = {{Exponential convergence of Langevin distributions and their discrete approximations}},
	volume = {2},
	journal = {Bernoulli},
	number = {4},
	publisher = {Bernoulli Society for Mathematical Statistics and Probability},
	pages = {341 -- 363},
	keywords = {Diffusions, discrete approximations, geometric ergodicity, Hastings algorithms, irreducible Markov processes, Langevin models, Markov chain Monte Carlo, Metropolis algorithms, posterior distributions},
	year = {1996},
	doi = {bj/1178291835},
	URL = {https://doi.org/}
}

@article{FB-Maier,
	title = {Cover time for random walks on arbitrary complex networks},
	author = {Maier, Benjamin F. and Brockmann, Dirk},
	journal = {Phys. Rev. E},
	volume = {96},
	issue = {4},
	pages = {042307},
	numpages = {9},
	year = {2017},
	month = {Oct},
	publisher = {American Physical Society},
	doi = {10.1103/PhysRevE.96.042307},
	url = {https://link.aps.org/doi/10.1103/PhysRevE.96.042307}
}

@article{Evans_2010_football,
	title={Clique graphs and overlapping communities},
	volume={2010},
	ISSN={1742-5468},
	url={http://dx.doi.org/10.1088/1742-5468/2010/12/P12037},
	DOI={10.1088/1742-5468/2010/12/p12037},
	number={12},
	journal={Journal of Statistical Mechanics: Theory and Experiment},
	publisher={IOP Publishing},
	author={Evans, T S},
	year={2010},
	month={Dec},
	pages={P12037}
}

@article{LawFirm,
	author = {Kraatz, Matthew and Shah, Nina and Lazega, Emmanuel},
	year = {2003},
	month = {09},
	pages = {525},
	title = {The Collegial Phenomenon: The Social Mechanisms of Cooperation among Peers in a Corporate Law Partnership},
	volume = {48},
	journal = {Administrative Science Quarterly},
	doi = {10.2307/3556688}
}



@article{Nemeth-SGMCMC,
	author = {Christopher Nemeth and Paul Fearnhead},
	title = {Stochastic Gradient Markov Chain Monte Carlo},
	journal = {Journal of the American Statistical Association},
	volume = {116},
	number = {533},
	pages = {433-450},
	year  = {2021},
	publisher = {Taylor & Francis},
	doi = {10.1080/01621459.2020.1847120},
	
	URL = { 
	https://doi.org/10.1080/01621459.2020.1847120
	
	},
	eprint = { 
	https://doi.org/10.1080/01621459.2020.1847120
	
	}
	
}

@article{polbooks,
	ISSN = {00067431},
	URL = {http://www.jstor.org/stable/40124305},
	author = {Boris Pasternak and Ivor Ivask},
	journal = {Books Abroad},
	number = {2},
	pages = {196--200},
	publisher = {University of Oklahoma},
	title = {Four Unpublished Letters},
	volume = {44},
	year = {1970}
}

@InProceedings{sbm-gnn,
	title = {Stochastic Blockmodels meet Graph Neural Networks},
	author = {Mehta, Nikhil and Duke, Lawrence Carin and Rai, Piyush},
	booktitle = {Proceedings of the 36th International Conference on Machine Learning},
	pages = {4466--4474},
	year = {2019},
	editor = {Kamalika Chaudhuri and Ruslan Salakhutdinov},
	volume = {97},
	series = {Proceedings of Machine Learning Research},
	month = {09--15 Jun},
	publisher = {PMLR},
	pdf = {http://proceedings.mlr.press/v97/mehta19a/mehta19a.pdf},
	url = { http://proceedings.mlr.press/v97/mehta19a.html }
}

@misc{overlapping-sbm,
	title={Max-Margin Nonparametric Latent Feature Models for Link Prediction}, 
	author={Jun Zhu and Jiaming Song and Bei Chen},
	year={2016},
	eprint={1602.07428},
	archivePrefix={arXiv},
	primaryClass={cs.LG}
}

@inproceedings{mixed-membership-sbm,
	author = {Airoldi, Edo M and Blei, David and Fienberg, Stephen and Xing, Eric},
	booktitle = {Advances in Neural Information Processing Systems},
	editor = {D. Koller and D. Schuurmans and Y. Bengio and L. Bottou},
	pages = {},
	publisher = {Curran Associates, Inc.},
	title = {Mixed Membership Stochastic Blockmodels},
	url = {https://proceedings.neurips.cc/paper/2008/file/8613985ec49eb8f757ae6439e879bb2a-Paper.pdf},
	volume = {21},
	year = {2009}
}

@INPROCEEDINGS{cluster-compression,
	author={Abbe, Emmanuel},
	booktitle={2016 54th Annual Allerton Conference on Communication, Control, and Computing (Allerton)}, 
	title={Graph compression: The effect of clusters}, 
	year={2016},
	volume={},
	number={},
	pages={1-8},
	doi={10.1109/ALLERTON.2016.7852203}
}

@misc{link-prediction,
	title={Outliers Detection in Networks with Missing Links}, 
	author={Solenne Gaucher and Olga Klopp and GeneviÃ¨ve Robin},
	year={2020},
	eprint={1911.13122},
	archivePrefix={arXiv},
	primaryClass={stat.ML}
}

@article{vanilla-sbm,
	author = {Krzysztof Nowicki and Tom A. B Snijders},
	title = {Estimation and Prediction for Stochastic Blockstructures},
	journal = {Journal of the American Statistical Association},
	volume = {96},
	number = {455},
	pages = {1077-1087},
	year  = {2001},
	publisher = {Taylor & Francis},
	doi = {10.1198/016214501753208735},
	
	URL = { 
	https://doi.org/10.1198/016214501753208735
	
	},
	eprint = { 
	https://doi.org/10.1198/016214501753208735
	
	}
	
}

@article{schools,
	doi = {10.1371/journal.pone.0023176},
	author = {StehlÃ©, Juliette AND Voirin, Nicolas AND Barrat, Alain AND Cattuto, Ciro AND Isella, Lorenzo AND Pinton, Jean-FranÃ§ois AND Quaggiotto, Marco AND Van den Broeck, Wouter AND RÃ©gis, Corinne AND Lina, Bruno AND Vanhems, Philippe},
	journal = {PLOS ONE},
	publisher = {Public Library of Science},
	title = {High-Resolution Measurements of Face-to-Face Contact Patterns in a Primary School},
	year = {2011},
	month = {08},
	volume = {6},
	url = {https://doi.org/10.1371/journal.pone.0023176},
	pages = {1-13},
	number = {8}
}

@inproceedings{Bayesian-SGLD,
	author = {Welling, Max and Teh, Yee Whye},
	title = {Bayesian Learning via Stochastic Gradient Langevin Dynamics},
	year = {2011},
	isbn = {9781450306195},
	publisher = {Omnipress},
	address = {Madison, WI, USA},
	booktitle = {Proceedings of the 28th International Conference on International Conference on Machine Learning},
	pages = {681â€“688},
	numpages = {8},
	location = {Bellevue, Washington, USA},
	series = {ICML'11}
}

@article{peixoto-determine-B,
	title={Parsimonious Module Inference in Large Networks},
	volume={110},
	ISSN={1079-7114},
	url={http://dx.doi.org/10.1103/PhysRevLett.110.148701},
	DOI={10.1103/physrevlett.110.148701},
	number={14},
	journal={Physical Review Letters},
	publisher={American Physical Society (APS)},
	author={Peixoto, Tiago P.},
	year={2013},
	month={Apr}
}


@misc{rozemberczki2019multiscale,    
	title = {Multi-scale Attributed Node Embedding},   
	author = {Benedek Rozemberczki and Carl Allen and Rik Sarkar},   
	year = {2019},   
	eprint = {1909.13021},  
	archivePrefix = {arXiv},  
	primaryClass = {cs.LG}   
}

@misc{laplace,
	title={Laplace approximation for logistic Gaussian process density estimation and regression}, 
	author={Jaakko RiihimÃ¤ki and Aki Vehtari},
	year={2013},
	eprint={1211.0174},
	archivePrefix={arXiv},
	primaryClass={stat.CO}
}
