@article{Abbe,
  author  = {Emmanuel Abbe},
  title   = {Community Detection and Stochastic Block Models: Recent Developments},
  journal = {Journal of Machine Learning Research},
  year    = {2018},
  volume  = {18},
  number  = {177},
  pages   = {1-86},
  url     = {http://jmlr.org/papers/v18/16-480.html}
}

@inproceedings{SBM-Unknown,
	author = {Abbe, Emmanuel and Sandon, Colin},
	booktitle = {Advances in Neural Information Processing Systems},
	editor = {C. Cortes and N. Lawrence and D. Lee and M. Sugiyama and R. Garnett},
	pages = {676--684},
	publisher = {Curran Associates, Inc.},
	title = {Recovering Communities in the General Stochastic Block Model Without Knowing the Parameters},
	url = {https://proceedings.neurips.cc/paper/2015/file/cfee398643cbc3dc5eefc89334cacdc1-Paper.pdf},
	volume = {28},
	year = {2015}
}

@inproceedings{Linear-ABP,
	author = {Abbe, Emmanuel and Sandon, Colin},
	booktitle = {Advances in Neural Information Processing Systems},
	editor = {D. Lee and M. Sugiyama and U. Luxburg and I. Guyon and R. Garnett},
	pages = {1334--1342},
	publisher = {Curran Associates, Inc.},
	title = {Achieving the KS threshold in the general stochastic block model with linearized acyclic belief propagation},
	url = {https://proceedings.neurips.cc/paper/2016/file/6c29793a140a811d0c45ce03c1c93a28-Paper.pdf},
	volume = {29},
	year = {2016}
}

@article{SBM-Achieve,
	author = {Abbe, Emmanuel and Sandon, Colin},
	title = {Proof of the Achievability Conjectures for the General Stochastic Block Model},
	journal = {Communications on Pure and Applied Mathematics},
	volume = {71},
	number = {7},
	pages = {1334-1406},
	doi = {https://doi.org/10.1002/cpa.21719},
	url = {https://onlinelibrary.wiley.com/doi/abs/10.1002/cpa.21719},
	eprint = {https://onlinelibrary.wiley.com/doi/pdf/10.1002/cpa.21719},
	year = {2018}
}

@misc{snapnets,
	author       = {Jure Leskovec and Andrej Krevl},
	title        = {{SNAP Datasets}: {Stanford} Large Network Dataset Collection},
	howpublished = {\url{http://snap.stanford.edu/data}},
	month        = jun,
	year         = 2014
}

@article{leskovec2016snap,
	title={SNAP: A General-Purpose Network Analysis and Graph-Mining Library},
	author={Leskovec, Jure and Sosi{\v{c}}, Rok},
	journal={ACM Transactions on Intelligent Systems and Technology (TIST)},
	volume={8},
	number={1},
	pages={1},
	year={2016},
	publisher={ACM}
}

@InProceedings{networkx,
	author =       {Aric A. Hagberg and Daniel A. Schult and Pieter J. Swart},
	title =        {Exploring Network Structure, Dynamics, and Function using NetworkX},
	booktitle =   {Proceedings of the 7th Python in Science Conference},
	pages =     {11 - 15},
	address = {Pasadena, CA USA},
	year =      {2008},
	editor =    {Ga\"el Varoquaux and Travis Vaught and Jarrod Millman},
}

